
@Proceedings{	  asplos00,
  booktitle	= {Proc. ASPLOS-IX},
  year		= {2000}
}

@Proceedings{	  asplos02,
  booktitle	= {Proc. ASPLOS-X},
  year		= {2002}
}

@Proceedings{	  asplos04,
  booktitle	= {Proc. ASPLOS-XI},
  year		= {2004}
}

@Proceedings{	  asplos06,
  booktitle	= {Proc. ASPLOS-XII},
  year		= {2006}
}

@Proceedings{	  asplos08,
  booktitle	= {Proc. ASPLOS-XIII},
  year		= {2008}
}

@Proceedings{	  asplos09,
  booktitle	= {Proc. ASPLOS-XIV},
  year		= {2009}
}

@Proceedings{	  asplos10,
  booktitle	= {Proc. ASPLOS-XV},
  year		= {2010}
}

@Proceedings{	  asplos11,
  booktitle	= {Proc. ASPLOS-XVI},
  year		= {2011}
}

@Proceedings{	  asplos12,
  booktitle	= {Proc. ASPLOS-XVII},
  year		= {2012}
}

@Proceedings{	  asplos13,
  booktitle	= {Proc. ASPLOS-XVIII},
  year		= {2013}
}

@Proceedings{	  asplos14,
  booktitle	= {Proc. ASPLOS-XIX},
  year		= {2014}
}

@Proceedings{	  asplos15,
  booktitle	= {Proc. ASPLOS-XX},
  year		= {2015}
}

@Proceedings{	  asplos16,
  booktitle	= {Proc. ASPLOS-XXI},
  year		= {2016}
}

@Proceedings{	  asplos17,
  booktitle	= {Proc. ASPLOS-XXII},
  year		= {2017}
}

@Proceedings{	  asplos18,
  booktitle	= {Proc. ASPLOS-XXIII},
  year		= {2018}
}

@Proceedings{	  asplos19,
  booktitle	= {Proc. ASPLOS-XXIV},
  year		= {2019}
}

@Proceedings{	  asplos20,
  booktitle	= {Proc. ASPLOS-XXV},
  year		= {2020}
}

@Proceedings{	  asplos21,
  booktitle	= {Proc. ASPLOS-XXVI},
  year		= {2021}
}

@Proceedings{	  asplos82,
  booktitle	= {Proc. ASPLOS-I},
  year		= {1982}
}

@Proceedings{	  asplos87,
  booktitle	= {Proc. ASPLOS-II},
  year		= {1987}
}

@Proceedings{	  asplos89,
  booktitle	= {Proc. ASPLOS-III},
  year		= {1989}
}

@Proceedings{	  asplos91,
  booktitle	= {Proc. ASPLOS-IV},
  year		= {1991}
}

@Proceedings{	  asplos92,
  booktitle	= {Proc. ASPLOS-V},
  year		= {1992}
}

@Proceedings{	  asplos94,
  booktitle	= {Proc. ASPLOS-VI},
  year		= {1994}
}

@Proceedings{	  asplos96,
  booktitle	= {Proc. ASPLOS-VII},
  year		= {1996}
}

@Proceedings{	  asplos98,
  booktitle	= {Proc. ASPLOS-VIII},
  year		= {1998}
}

@Proceedings{	  hpca00,
  booktitle	= {Proc. HPCA-6},
  year		= {2000}
}

@Proceedings{	  hpca01,
  booktitle	= {Proc. HPCA-7},
  year		= {2001}
}

@Proceedings{	  hpca02,
  booktitle	= {Proc. HPCA-8},
  year		= {2002}
}

@Proceedings{	  hpca03,
  booktitle	= {Proc. HPCA-9},
  year		= {2003}
}

@Proceedings{	  hpca04,
  booktitle	= {Proc. HPCA-10},
  year		= {2004}
}

@Proceedings{	  hpca05,
  booktitle	= {Proc. HPCA-11},
  year		= {2005}
}

@Proceedings{	  hpca06,
  booktitle	= {Proc. HPCA-12},
  year		= {2006}
}

@Proceedings{	  hpca07,
  booktitle	= {Proc. HPCA-13},
  year		= {2007}
}

@Proceedings{	  hpca08,
  booktitle	= {Proc. HPCA-14},
  year		= {2008}
}

@Proceedings{	  hpca09,
  booktitle	= {Proc. HPCA-15},
  year		= {2009}
}

@Proceedings{	  hpca10,
  booktitle	= {Proc. HPCA-16},
  year		= {2010}
}

@Proceedings{	  hpca11,
  booktitle	= {Proc. HPCA-17},
  year		= {2011}
}

@Proceedings{	  hpca12,
  booktitle	= {Proc. HPCA-18},
  year		= {2012}
}

@Proceedings{	  hpca13,
  booktitle	= {Proc. HPCA-19},
  year		= {2013}
}

@Proceedings{	  hpca14,
  booktitle	= {Proc. HPCA-20},
  year		= {2014}
}

@Proceedings{	  hpca15,
  booktitle	= {Proc. HPCA-21},
  year		= {2015}
}

@Proceedings{	  hpca16,
  booktitle	= {Proc. HPCA-22},
  year		= {2016}
}

@Proceedings{	  hpca17,
  booktitle	= {Proc. HPCA-23},
  year		= {2017}
}

@Proceedings{	  hpca18,
  booktitle	= {Proc. HPCA-24},
  year		= {2018}
}

@Proceedings{	  hpca19,
  booktitle	= {Proc. HPCA-25},
  year		= {2019}
}

@Proceedings{	  hpca20,
  booktitle	= {Proc. HPCA-26},
  year		= {2020}
}

@Proceedings{	  hpca21,
  booktitle	= {Proc. HPCA-27},
  year		= {2021}
}

@Proceedings{	  hpca22,
  booktitle	= {Proc. HPCA-28},
  year		= {2022}
}

@Proceedings{	  hpca95,
  booktitle	= {Proc. HPCA-1},
  year		= {1995}
}

@Proceedings{	  hpca96,
  booktitle	= {Proc. HPCA-2},
  year		= {1996}
}

@Proceedings{	  hpca97,
  booktitle	= {Proc. HPCA-3},
  year		= {1997}
}

@Proceedings{	  hpca98,
  booktitle	= {Proc. HPCA-4},
  year		= {1998}
}

@Proceedings{	  hpca99,
  booktitle	= {Proc. HPCA-5},
  year		= {1999}
}

@Proceedings{	  isca00,
  booktitle	= {Proc. ISCA-27},
  year		= {2000}
}

@Proceedings{	  isca01,
  booktitle	= {Proc. ISCA-28},
  year		= {2001}
}

@Proceedings{	  isca02,
  booktitle	= {Proc. ISCA-29},
  year		= {2002}
}

@Proceedings{	  isca03,
  booktitle	= {Proc. ISCA-30},
  year		= {2003}
}

@Proceedings{	  isca04,
  booktitle	= {Proc. ISCA-31},
  year		= {2004}
}

@Proceedings{	  isca05,
  booktitle	= {Proc. ISCA-32},
  year		= {2005}
}

@Proceedings{	  isca06,
  booktitle	= {Proc. ISCA-33},
  year		= {2006}
}

@Proceedings{	  isca07,
  booktitle	= {Proc. ISCA-34},
  year		= {2007}
}

@Proceedings{	  isca08,
  booktitle	= {Proc. ISCA-35},
  year		= {2008}
}

@Proceedings{	  isca09,
  booktitle	= {Proc. ISCA-36},
  year		= {2009}
}

@Proceedings{	  isca10,
  booktitle	= {Proc. ISCA-37},
  year		= {2010}
}

@Proceedings{	  isca11,
  booktitle	= {Proc. ISCA-38},
  year		= {2011}
}

@Proceedings{	  isca12,
  booktitle	= {Proc. ISCA-39},
  year		= {2012}
}

@Proceedings{	  isca13,
  booktitle	= {Proc. ISCA-40},
  year		= {2013}
}

@Proceedings{	  isca14,
  booktitle	= {Proc. ISCA-41},
  year		= {2014}
}

@Proceedings{	  isca15,
  booktitle	= {Proc. ISCA-42},
  year		= {2015}
}

@Proceedings{	  isca16,
  booktitle	= {Proc. ISCA-43},
  year		= {2016}
}

@Proceedings{	  isca17,
  booktitle	= {Proc. ISCA-44},
  year		= {2017}
}

@Proceedings{	  isca18,
  booktitle	= {Proc. ISCA-45},
  year		= {2018}
}

@Proceedings{	  isca19,
  booktitle	= {Proc. ISCA-46},
  year		= {2019}
}

@Proceedings{	  isca20,
  booktitle	= {Proc. ISCA-47},
  year		= {2020}
}

@Proceedings{	  isca21,
  booktitle	= {Proc. ISCA-48},
  year		= {2021}
}

@Proceedings{	  isca73,
  booktitle	= {Proc. ISCA-1},
  year		= {1973}
}

@Proceedings{	  isca74,
  booktitle	= {Proc. ISCA-2},
  year		= {1974}
}

@Proceedings{	  isca76,
  booktitle	= {Proc. ISCA-3},
  year		= {1976}
}

@Proceedings{	  isca77,
  booktitle	= {Proc. ISCA-4},
  year		= {1977}
}

@Proceedings{	  isca78,
  booktitle	= {Proc. ISCA-5},
  year		= {1978}
}

@Proceedings{	  isca79,
  booktitle	= {Proc. ISCA-6},
  year		= {1979}
}

@Proceedings{	  isca80,
  booktitle	= {Proc. ISCA-7},
  year		= {1980}
}

@Proceedings{	  isca81,
  booktitle	= {Proc. ISCA-8},
  year		= {1981}
}

@Proceedings{	  isca82,
  booktitle	= {Proc. ISCA-9},
  year		= {1982}
}

@Proceedings{	  isca83,
  booktitle	= {Proc. ISCA-10},
  year		= {1983}
}

@Proceedings{	  isca84,
  booktitle	= {Proc. ISCA-11},
  year		= {1984}
}

@Proceedings{	  isca85,
  booktitle	= {Proc. ISCA-12},
  year		= {1985}
}

@Proceedings{	  isca86,
  booktitle	= {Proc. ISCA-13},
  year		= {1986}
}

@Proceedings{	  isca87,
  booktitle	= {Proc. ISCA-14},
  year		= {1987}
}

@Proceedings{	  isca88,
  booktitle	= {Proc. ISCA-15},
  year		= {1988}
}

@Proceedings{	  isca89,
  booktitle	= {Proc. ISCA-16},
  year		= {1989}
}

@Proceedings{	  isca90,
  booktitle	= {Proc. ISCA-17},
  year		= {1990}
}

@Proceedings{	  isca91,
  booktitle	= {Proc. ISCA-18},
  year		= {1991}
}

@Proceedings{	  isca92,
  booktitle	= {Proc. ISCA-19},
  year		= {1992}
}

@Proceedings{	  isca93,
  booktitle	= {Proc. ISCA-20},
  year		= {1993}
}

@Proceedings{	  isca94,
  booktitle	= {Proc. ISCA-21},
  year		= {1994}
}

@Proceedings{	  isca95,
  booktitle	= {Proc. ISCA-22},
  year		= {1995}
}

@Proceedings{	  isca96,
  booktitle	= {Proc. ISCA-23},
  year		= {1996}
}

@Proceedings{	  isca97,
  booktitle	= {Proc. ISCA-24},
  year		= {1997}
}

@Proceedings{	  isca98,
  booktitle	= {Proc. ISCA-25},
  year		= {1998}
}

@Proceedings{	  isca99,
  booktitle	= {Proc. ISCA-26},
  year		= {1999}
}

@Proceedings{	  micro00,
  booktitle	= {Proc. MICRO-33},
  year		= {2000}
}

@Proceedings{	  micro01,
  booktitle	= {Proc. MICRO-34},
  year		= {2001}
}

@Proceedings{	  micro02,
  booktitle	= {Proc. MICRO-35},
  year		= {2002}
}

@Proceedings{	  micro03,
  booktitle	= {Proc. MICRO-36},
  year		= {2003}
}

@Proceedings{	  micro04,
  booktitle	= {Proc. MICRO-37},
  year		= {2004}
}

@Proceedings{	  micro05,
  booktitle	= {Proc. MICRO-38},
  year		= {2005}
}

@Proceedings{	  micro06,
  booktitle	= {Proc. MICRO-39},
  year		= {2006}
}

@Proceedings{	  micro07,
  booktitle	= {Proc. MICRO-40},
  year		= {2007}
}

@Proceedings{	  micro08,
  booktitle	= {Proc. MICRO-41},
  year		= {2008}
}

@Proceedings{	  micro09,
  booktitle	= {Proc. MICRO-42},
  year		= {2009}
}

@Proceedings{	  micro10,
  booktitle	= {Proc. MICRO-43},
  year		= {2010}
}

@Proceedings{	  micro11,
  booktitle	= {Proc. MICRO-44},
  year		= {2011}
}

@Proceedings{	  micro12,
  booktitle	= {Proc. MICRO-45},
  year		= {2012}
}

@Proceedings{	  micro13,
  booktitle	= {Proc. MICRO-46},
  year		= {2013}
}

@Proceedings{	  micro14,
  booktitle	= {Proc. MICRO-47},
  year		= {2014}
}

@Proceedings{	  micro15,
  booktitle	= {Proc. MICRO-48},
  year		= {2015}
}

@Proceedings{	  micro16,
  booktitle	= {Proc. MICRO-49},
  year		= {2016}
}

@Proceedings{	  micro17,
  booktitle	= {Proc. MICRO-50},
  year		= {2017}
}

@Proceedings{	  micro18,
  booktitle	= {Proc. MICRO-51},
  year		= {2018}
}

@Proceedings{	  micro19,
  booktitle	= {Proc. MICRO-52},
  year		= {2019}
}

@Proceedings{	  micro20,
  booktitle	= {Proc. MICRO-53},
  year		= {2020}
}

@Proceedings{	  micro21,
  booktitle	= {Proc. MICRO-54},
  year		= {2021}
}

@Proceedings{	  micro68,
  booktitle	= {Proc. MICRO-1},
  year		= {1968}
}

@Proceedings{	  micro69,
  booktitle	= {Proc. MICRO-2},
  year		= {1969}
}

@Proceedings{	  micro70,
  booktitle	= {Proc. MICRO-3},
  year		= {1970}
}

@Proceedings{	  micro71,
  booktitle	= {Proc. MICRO-4},
  year		= {1971}
}

@Proceedings{	  micro72,
  booktitle	= {Proc. MICRO-5},
  year		= {1972}
}

@Proceedings{	  micro73,
  booktitle	= {Proc. MICRO-6},
  year		= {1973}
}

@Proceedings{	  micro74,
  booktitle	= {Proc. MICRO-7},
  year		= {1974}
}

@Proceedings{	  micro75,
  booktitle	= {Proc. MICRO-8},
  year		= {1975}
}

@Proceedings{	  micro76,
  booktitle	= {Proc. MICRO-9},
  year		= {1976}
}

@Proceedings{	  micro77,
  booktitle	= {Proc. MICRO-10},
  year		= {1977}
}

@Proceedings{	  micro78,
  booktitle	= {Proc. MICRO-11},
  year		= {1978}
}

@Proceedings{	  micro79,
  booktitle	= {Proc. MICRO-12},
  year		= {1979}
}

@Proceedings{	  micro80,
  booktitle	= {Proc. MICRO-13},
  year		= {1980}
}

@Proceedings{	  micro81,
  booktitle	= {Proc. MICRO-14},
  year		= {1981}
}

@Proceedings{	  micro82,
  booktitle	= {Proc. MICRO-15},
  year		= {1982}
}

@Proceedings{	  micro83,
  booktitle	= {Proc. MICRO-16},
  year		= {1983}
}

@Proceedings{	  micro84,
  booktitle	= {Proc. MICRO-17},
  year		= {1984}
}

@Proceedings{	  micro85,
  booktitle	= {Proc. MICRO-18},
  year		= {1985}
}

@Proceedings{	  micro86,
  booktitle	= {Proc. MICRO-19},
  year		= {1986}
}

@Proceedings{	  micro87,
  booktitle	= {Proc. MICRO-20},
  year		= {1987}
}

@Proceedings{	  micro88,
  booktitle	= {Proc. MICRO-21},
  year		= {1988}
}

@Proceedings{	  micro89,
  booktitle	= {Proc. MICRO-22},
  year		= {1989}
}

@Proceedings{	  micro90,
  booktitle	= {Proc. MICRO-23},
  year		= {1990}
}

@Proceedings{	  micro91,
  booktitle	= {Proc. MICRO-24},
  year		= {1991}
}

@Proceedings{	  micro92,
  booktitle	= {Proc. MICRO-25},
  year		= {1992}
}

@Proceedings{	  micro93,
  booktitle	= {Proc. MICRO-26},
  year		= {1993}
}

@Proceedings{	  micro94,
  booktitle	= {Proc. MICRO-27},
  year		= {1994}
}

@Proceedings{	  micro95,
  booktitle	= {Proc. MICRO-28},
  year		= {1995}
}

@Proceedings{	  micro96,
  booktitle	= {Proc. MICRO-29},
  year		= {1996}
}

@Proceedings{	  micro97,
  booktitle	= {Proc. MICRO-30},
  year		= {1997}
}

@Proceedings{	  micro98,
  booktitle	= {Proc. MICRO-31},
  year		= {1998}
}

@Proceedings{	  micro99,
  booktitle	= {Proc. MICRO-32},
  year		= {1999}
}
